<record><leader>00000cas a22000007a 4500</leader><controlfield tag="001">22417804</controlfield><controlfield tag="008">900921c19839999mauwr ne      0   a0eng d</controlfield><controlfield tag="009">9107</controlfield><datafield ind1=" " ind2=" " tag="010"><subfield code="a">sn 89063320 </subfield></datafield><datafield ind1=" " ind2=" " tag="040"><subfield code="a">MGN</subfield><subfield code="b">eng</subfield><subfield code="c">MGN</subfield><subfield code="d">DLC</subfield><subfield code="d">OCL</subfield><subfield code="d">OCLCQ</subfield></datafield><datafield ind1=" " ind2=" " tag="012"><subfield code="j">0</subfield><subfield code="m">1</subfield></datafield><datafield ind1=" " ind2=" " tag="019"><subfield code="a">16848736</subfield></datafield><datafield ind1="0" ind2=" " tag="022"><subfield code="a">0895-7681</subfield><subfield code="l">0895-7681</subfield><subfield code="2">1</subfield></datafield><datafield ind1=" " ind2=" " tag="032"><subfield code="a">543650</subfield><subfield code="b">USPS</subfield></datafield><datafield ind1=" " ind2=" " tag="042"><subfield code="a">nsdp</subfield><subfield code="a">msc</subfield></datafield><datafield ind1="0" ind2=" " tag="130"><subfield code="a">Natick bulletin (Natick, Mass. : 1983)</subfield></datafield><datafield ind1="0" ind2=" " tag="210"><subfield code="a">Natick bull.</subfield><subfield code="b">(1983)</subfield></datafield><datafield ind1=" " ind2="0" tag="222"><subfield code="a">Natick bulletin</subfield><subfield code="b">(1983)</subfield></datafield><datafield ind1="0" ind2="0" tag="245"><subfield code="a">Natick bulletin</subfield></datafield><datafield ind1=" " ind2=" " tag="260"><subfield code="a">Natick, Mass. :</subfield><subfield code="b">Suburban World Inc.,</subfield></datafield><datafield ind1=" " ind2=" " tag="300"><subfield code="a">v.</subfield></datafield><datafield ind1=" " ind2=" " tag="310"><subfield code="a">Weekly</subfield></datafield><datafield ind1="0" ind2=" " tag="362"><subfield code="a">Vol. 119, no. 36 (Sept. 8, 1983)-</subfield></datafield><datafield ind1=" " ind2=" " tag="752"><subfield code="a">United States</subfield><subfield code="b">Massachusetts</subfield><subfield code="c">Middlesex</subfield><subfield code="d">Natick.</subfield></datafield><datafield ind1="0" ind2="0" tag="780"><subfield code="t">Natick bulletin and Natick sun</subfield><subfield code="w">(DLC)sn 89063319</subfield></datafield></record>